%% Created using Papers on Tue, 18 Jun 2013.
%% http://papersapp.com/papers/

@article{chickering02c,
author = {Chickering, David Maxwell},
title = {{Learning Equivalence Classes of Bayesian-Network Structures}},
journal = {Journal of Machine Learning Research},
year = {2002},
volume = {2},
pages = {445--498}
}

@article{chickering02b,
author = {Chickering, David Maxwell},
title = {{Optimal Structure Identification With Greedy Search}},
journal = {Journal of Machine Learning Reseach},
year = {2002},
volume = {3},
pages = {507--554}
}

@inproceedings{chickering95,
author = {Chickering, David Maxwell},
title = {{A Transformational Characterization of Equivalent Bayesian Network Structures}},
booktitle = {UAI},
year = {1995},
pages = {87--98}
}

