%% Created using Papers on Mon, 28 Jan 2013.
%% http://mekentosj.com/papers/

@inproceedings{elidan01,
author = {Elidan, Gal and Friedman, Nir},
title = {{Learning the Dimensionality of Hidden Variables}},
booktitle = {Proceedings of the Seventeenth Conference on Uncertainty in Artificial Intelligence (UAI)},
year = {2001},
pages = {144--151},
publisher = {Morgan Kaufmann}
}

@phdthesis{silva05,
author = {Silva, Ricardo},
title = {{Automatic Discovery of Latent Variable Models}},
school = {Carnegie Mellon University},
year = {2005}
}

@inproceedings{elidan00,
author = {Elidan, Gal and Lotner, Noam and Friedman, Nir and Koller, Daphne},
title = {{Discovering Hidden Variables: A Structure-Based Approach}},
booktitle = {Advances in Neural Information Processing Systems 13 (NIPS) 2000},
year = {2001},
pages = {479--485},
publisher = {MIT Press}
}

@inproceedings{boyen99,
author = {Boyen, X. and Friedman, Nir and Koller, Daphne},
title = {{Discovering the hidden structure of complex dynamic systems}},
booktitle = {UAI},
year = {1999}
}

@inproceedings{pellet08,
author = {Pellet, Jean-Philippe and Elisseeff, Andr{\'e}},
title = {{Finding Latent Causes in Causal Networks: an Efficient Approach Based on Markov Blankets}},
booktitle = {NIPS},
year = {2008}
}

@inproceedings{friedman97b,
author = {Friedman, Nir},
title = {{Learning belief networks in the presence of missing values and hidden variables}},
booktitle = {Proceedings of the Fourteenth International Conference on Machine Learning (ICML)},
year = {1997},
pages = {125--133},
publisher = {Morgan Kaufmann}
}

@book{koller09,
author = {Koller, Daphne and Friedman, Nir},
title = {{Probabilistic Graphical Models}},
publisher = {MIT Press},
year = {2009}
}

@article{elidan07,
author = {Elidan, Gal and Nachman, Iftach and Friedman, Nir},
title = {{"Ideal Parent" Structure Learning for continuous Variable Bayesian Networks}},
journal = {Journal of Machine Learning Research},
year = {2007},
volume = {8},
pages = {1799--1833}
}

@article{elidan05,
author = {Elidan, Gal and Friedman, Nir},
title = {{Learning Hidden Variable Networks: The Information Bottleneck Approach}},
journal = {Journal of Machine Learning Research},
year = {2005},
volume = {6},
pages = {81--127}
}

@inproceedings{friedman98,
author = {Friedman, Nir},
title = {{The Bayesian structural EM algorithm}},
booktitle = {UAI},
year = {1998},
pages = {129--138}
}

@article{friedman03,
author = {Friedman, Nir and Koller, Daphne},
title = {{Being Bayesian about network structure. A Bayesian approach to structure discovery in Bayesian networks}},
journal = {Machine Learning},
year = {2003},
volume = {50},
number = {1--2},
pages = {95--125}
}

@book{Friedman:1999vw,
author = {Friedman, Nir and Nachman, Iftach and Pe'er, Dana},
title = {{Learning Bayesian network structure from massive datasets: the «sparse candidate« algorithm}},
publisher = {Morgan Kaufmann Publishers Inc.},
year = {1999},
month = jul
}

@book{Geiger:1998tw,
author = {Geiger, Dan and Meek, Chris},
title = {{Graphical models and exponential families}},
publisher = {Morgan Kaufmann Publishers Inc.},
year = {1998},
month = jul
}

@book{Kearns:1998wn,
author = {Kearns, Michael and Mansour, Yishay},
title = {{Exact inference of hidden structure from sample data in noisy-OR networks}},
publisher = {Morgan Kaufmann Publishers Inc.},
year = {1998},
month = jul
}

@article{Zhang:2004uh,
author = {Zhang, Nevin L},
title = {{Hierarchical Latent Class Models for Cluster Analysis}},
journal = {The Journal of Machine Learning Research},
year = {2004},
volume = {5},
pages = {697--723},
month = dec
}

